@inproceedings{fogel1993using,
  title={Using evolutionary programing to create neural networks that are capable of playing tic-tac-toe},
  author={Fogel, David B},
  booktitle={Neural Networks, 1993., IEEE International Conference on},
  pages={875--880},
  year={1993},
  organization={IEEE}
}

@article{grim2005probabilistic,
  title={Probabilistic neural network playing and learning Tic--Tac--Toe},
  author={Grim, Ji{\v{r}}{\'\i} and Somol, Petr and Pudil, Pavel},
  journal={Pattern recognition letters},
  volume={26},
  number={12},
  pages={1866--1873},
  year={2005},
  publisher={Elsevier}
}

@inproceedings{chaslot2008monte,
  title={Monte-Carlo Tree Search: A New Framework for Game AI.},
  author={Chaslot, Guillaume and Bakkes, Sander and Szita, Istvan and Spronck, Pieter},
  booktitle={AIIDE},
  year={2008}
}

@inproceedings{greydanus,
  title={Visualizing and Understanding Atari Agents},
  author={Greydanus, Sam and Koul, Anurag and Dodge, Jonathan and Fern, Alan},
  booktitle={NIPS Workshop},
  year={2017}
}

@article{weiJiMa,
   title = {Generalized Tic-Tac-Toe},
   author = {Wei Ji Ma},
   year = {2009}
}
   
@author{alphaGoZero,
    title = {AlphaGo Zero: Learning from Scratch},
    author = {Hassabis, Demis and Silver, David}
    year = {2017},
}

@misc{pytorchTut,
	title = {Reinforcement Learning(DQN) tutorial},
    author = {Adam Paszke}
    howpublished = {\url{http://pytorch.org/tutorials/intermediate/reinforcement_q_learning.html}}
    note = {Accessed: 2018-03-20}
    }